% WICHTIGER HINWEIS ZUR VERWENDUNG VON URLs:
% Für Online-Quellen (Webseiten, Online-Artikel etc.) verwenden Sie bitte
% immer das Feld 'url = {DEIN_LINK_HIER}' für die Webadresse.
% Das Feld 'howpublished' sollte NICHT für die URL verwendet werden.
% Das Zugriffsdatum wird im Feld 'note' ergänzt, z.B.:
% note = {[Online; letzter Zugriff am TT.MM.JJJJ]}

@book{Autor2023Buch,
  author    = {Anna Autor and Ben Schreiberling},
  title     = {Das große Buch der wissenschaftlichen Beispiele},
  subtitle  = {Eine Einführung in die Kunst des Zitierens},
  year      = {2023},
  publisher = {Musterverlag},
  address   = {Musterstadt},
  edition   = {3},
  keywords  = {StichwortBuch}
}

@article{Artikel2022,
  author  = {Peter Penman and Paula Printer},
  title   = {Ein neuer Ansatz zur Tabellenerstellung},
  journal = {Journal für fiktive Forschung},
  year    = {2022},
  volume  = {15},
  number  = {2},
  pages   = {123--145},
  keywords = {StichwortArtikel}
}

@incollection{Sammelband2020,
  author    = {Carl Contributor},
  title     = {Herausforderungen in der modernen Problemstellung},
  booktitle = {Gesammelte Werke zu aktuellen Themen},
  editor    = {Eva Editora and Fred Herausgeber},
  year      = {2020},
  publisher = {Wissensverlag},
  address   = {Berlin},
  pages     = {1--25},
  keywords  = {StichwortSammelband}
}

@misc{BeispielwerkOnline,
  author       = {{Webseiten Autor GmbH}},
  title        = {Wichtige Informationen Online},
  year         = {2021},
  url          = {https://www.example.com/wichtige-infos}, % URL hier im url-Feld
  note         = {[Online; letzter Zugriff am 01.01.2024]},
  keywords     = {StichwortOnline}
}

@thesis{Masterarbeit2019,
  author  = {Maria Musterstudentin},
  title   = {Analyse von Zitierweisen in Abschlussarbeiten},
  type    = {Masterarbeit},
  school  = {Universität Beispielhausen},
  year    = {2019},
  address = {Beispielhausen},
  keywords = {StichwortThesis}
}

@report{TechnischerBericht2022,
  author      = {{Institut für angewandte Fiktion}},
  title       = {Technischer Bericht über die Auswirkungen von LaTeX},
  type        = {Forschungsbericht Nr. 42},
  institution = {Institut für angewandte Fiktion},
  year        = {2022},
  address     = {Wissenschaftsstadt},
  keywords    = {StichwortReport}
}






%%%%%%%%%%%%%%%%%%%%%%%%%%%%%%%%%%%%%%%%%%%%%%%%%%%%%%%%%%%%%%%%%%%%%%%
% 1. QUELLEN ZUR MENSCHLICHEN DIMENSION (UTAUT, AKZEPTANZ, WIDERSTAND)
%%%%%%%%%%%%%%%%%%%%%%%%%%%%%%%%%%%%%%%%%%%%%%%%%%%%%%%%%%%%%%%%%%%%%%%

@article{UTAUT2_Students_Cedtech2025,
  title     = {Understanding higher education students' adoption of generative AI technologies: An empirical investigation using UTAUT2},
  journal   = {cedtech.net},
  year      = {2025},
  url       = {https://www.cedtech.net/download/understanding-higher-education-students-adoption-of-generative-ai-technologies-an-empirical-16039.pdf},
  note      = {[Online; letzter Zugriff am 27.10.2025]},
  keywords  = {UTAUT, Mensch}
}

@article{UTAUT_Academia_Iacis2024,
  title     = {Examining generative artificial intelligence adoption in academia: a UTAUT perspective},
  journal   = {International Association for Computer Information Systems},
  year      = {2024},
  url       = {https://www.iacis.org/iis/2024/3_iis_2024_238-251.pdf},
  note      = {[Online; letzter Zugriff am 27.10.2025]},
  keywords  = {UTAUT, Mensch}
}

@article{CorporateAdoption_KoreaScience2024,
  title     = {Analysis of Key Factors in Corporate Adoption of Generative Artificial ...},
  journal   = {koreascience.kr},
  year      = {2024},
  url       = {https://koreascience.kr/article/JAKO202422243363761.page},
  note      = {[Online; letzter Zugriff am 27.10.2025]},
  keywords  = {UTAUT, Mensch, Organisation}
}

@article{CopilotAdoption_ResearchGate2025,
  title     = {(PDF) Responses to the AI Revolution in Hospitality and Tourism Higher Education: The Perception of Students Towards Accepting and Using Microsoft Copilot},
  journal   = {ResearchGate},
  year      = {2025},
  url       = {https://www.researchgate.net/publication/389864076_Responses_to_the_AI_Revolution_in_Hospitality_and_Tourism_Higher_Education_The_Perception_of_Students_Towards_Accepting_and_Using_Microsoft_Copilot},
  note      = {[Online; letzter Zugriff am 27.10.2025]},
  keywords  = {UTAUT, Mensch}
}

@article{Elearning_AcademicPublishing2025,
  title     = {Electronic Journal of e-Learning},
  journal   = {Academic Publishing},
  year      = {2025},
  url       = {https://academic-publishing.org/index.php/ejel/gateway/plugin/WebFeedGatewayPlugin/rss},
  note      = {[Online; letzter Zugriff am 27.10.2025]},
  keywords  = {UTAUT, Mensch}
}

@article{GenAI_CityResearch2025,
  title     = {Generative AI in Higher Education Assessments.pdf},
  journal   = {City Research Online},
  year      = {2025},
  url       = {https://openaccess.city.ac.uk/id/eprint/34041/1/Generative%20AI%20in%20Higher%20Education%20Assessments.pdf},
  note      = {[Online; letzter Zugriff am 27.10.2025]},
  keywords  = {UTAUT, Mensch}
}

@misc{Microsoft2025Worklab,
  author    = {{Microsoft}},
  title     = {What Can Copilot's Earliest Users Teach Us About AI at Work?},
  year      = {2025},
  url       = {https://www.microsoft.com/en-us/worklab/work-trend-index/copilots-earliest-users-teach-us-about-generative-ai-at-work},
  note      = {[Online; letzter Zugriff am 27.10.2025]},
  keywords  = {Mensch, Nutzen, Produktivität}
}

@article{Arxiv2023GitHubImpact,
  title     = {The Impact of AI on Developer Productivity: Evidence from GitHub Copilot},
  journal   = {arXiv},
  year      = {2023},
  eid       = {2302.06590},
  url       = {https://arxiv.org/abs/2302.06590},
  note      = {[Online; letzter Zugriff am 27.10.2025]},
  keywords  = {Mensch, Nutzen, Produktivität}
}

@techreport{Microsoft2025NewEmployee,
  author      = {{Microsoft}},
  title       = {New employee Copilot usage},
  institution = {Microsoft Research},
  year        = {2025},
  url         = {https://www.microsoft.com/en-us/research/wp-content/uploads/2025/04/New-employee-Copilot-usage.pdf},
  note        = {[Online; letzter Zugriff am 27.10.2025]},
  keywords    = {Mensch, Nutzen, Produktivität}
}

@techreport{Microsoft2024CopilotSecurityTrial,
  author      = {{Microsoft}},
  title       = {Randomized Controlled Trial for Copilot for Security},
  institution = {Microsoft},
  year        = {2024},
  url         = {https://www.microsoft.com/content/dam/microsoft/final/en-us/microsoft-product-and-services/microsoft-dynamics-365/pdf/Microsoft-Copilot-for-Security-productivity-findings-Whitepaper-Jan2024.pdf},
  note        = {[Online; letzter Zugriff am 27.10.2025]},
  keywords    = {Mensch, Nutzen, Technologie}
}

@article{Arxiv2025BeyondTraining,
  title     = {Beyond Training: How Workers Discover Value in Enterprise AI},
  journal   = {arXiv},
  year      = {2025},
  eid       = {2502.13281v2},
  url       = {https://arxiv.org/html/2502.13281v2},
  note      = {[Online; letzter Zugriff am 27.10.2025]},
  keywords  = {Mensch, Adoption, EffortExpectancy}
}

@misc{ReelMind2025GeminiCopilot,
  author    = {{ReelMind}},
  title     = {Gemini V Copilot: AI Collaboration & Productivity Tools},
  year      = {2025},
  url       = {https://reelmind.ai/blog/gemini-v-copilot-ai-collaboration-productivity-tools},
  note      = {[Online; letzter Zugriff am 27.10.2025]},
  keywords  = {Mensch, Technologie}
}

@misc{Endring2025PromptHero,
  author    = {{Endring Solutions}},
  title     = {The Unsung Hero of Digital Transformation: Mastering the Art of the Prompt},
  year      = {2025},
  url       = {https://www.endring.solutions/the-unsung-hero-of-digital-transformation-mastering-the-art-of-the-prompt/},
  note      = {[Online; letzter Zugriff am 27.10.2025]},
  keywords  = {Mensch, Prompting, Literacy}
}

@thesis{Serra2025AIWorkflow,
  author  = {Serra, M. A.},
  title   = {Integration Of AI Tools In The Product Design Workflow},
  type    = {MA Engineering Technology},
  school  = {University of Twente},
  year    = {2025},
  url     = {https://essay.utwente.nl/fileshare/file/103483/Serra_MA_Engineering%20Technology.pdf},
  note    = {[Online; letzter Zugriff am 27.10.2025]},
  keywords = {Mensch, Adoption}
}

@article{Frontiers2024PromptEngineering,
  title     = {Prompt engineering as a new 21st century skill},
  journal   = {Frontiers in Education},
  year      = {2024},
  url       = {https://www.frontiersin.org/journals/education/articles/10.3389/feduc.2024.1366434/full},
  note      = {[Online; letzter Zugriff am 27.10.2025]},
  keywords  = {Mensch, Prompting, Literacy}
}

@article{Monash2025PromptLiteracy,
  title     = {Conceptualizing and Operationalizing Prompt Literacy for English ...},
  journal   = {Monash University Research},
  year      = {2025},
  url       = {https://research.monash.edu/files/728753168/722509699-oa.pdf},
  note      = {[Online; letzter Zugriff am 27.10.2025]},
  keywords  = {Mensch, Prompting, Literacy, FC}
}

@misc{Lamar2025GenAIPromptLiteracy,
  author    = {{Lamar University}},
  title     = {GenAI Prompt Literacy in Higher Ed Teaching and Learning},
  year      = {2025},
  url       = {https://www.lamar.edu/lu-online/instructional-support/blog/2025/10/genai-prompt-literacy-in-higher-ed-teaching-and-learning.html},
  note      = {[Online; letzter Zugriff am 27.10.2025]},
  keywords  = {Mensch, Prompting, Literacy}
}

@article{ResearchGate2023PromptLiteracyPivotal,
  title     = {Prompt Literacy: A Pivotal Educational Skill in the Age of AI},
  journal   = {ResearchGate},
  year      = {2023},
  url       = {https://www.researchgate.net/publication/373043701_Prompt_Literacy_A_Pivotal_Educational_Skill_in_the_Age_of_AI},
  note      = {[Online; letzter Zugriff am 27.10.2025]},
  keywords  = {Mensch, Prompting, Literacy}
}

@article{UEA2025AIResistance,
  title     = {AI-resistance-Author Accepted Version},
  journal   = {University of East Anglia Research Portal},
  year      = {2025},
  url       = {https://research-portal.uea.ac.uk/files/221903751/AI_resistance_HRMR_AAV.docx},
  note      = {[Online; letzter Zugriff am 27.10.2025]},
  keywords  = {Mensch, Widerstand, Resistance}
}

@misc{CyberSecurityIntel2025WhyResist,
  author    = {{Cyber Security Intelligence}},
  title     = {Why Employees Resist AI},
  year      = {2025},
  url       = {https://www.cybersecurityintelligence.com/blog/employee-resistance-to-ai-adoption-8641.html},
  note      = {[Online; letzter Zugriff am 27.10.2025]},
  keywords  = {Mensch, Widerstand, Resistance}
}

@misc{CyberSecurityIntel2025EmployeeResistance,
  author    = {{Cyber Security Intelligence}},
  title     = {Employee Resistance To AI Adoption},
  year      = {2025},
  url       = {https://www.cybersecurityintelligence.com/blog/employee-resistance-to-ai-adoption-8641.html},
  note      = {[Online; letzter Zugriff am 27.10.2025]},
  keywords  = {Mensch, Widerstand, Resistance}
}

@misc{Pandatron2025OvercomingResistance,
  author    = {{Pandatron}},
  title     = {Overcoming Resistance: How to Address Employee Fears About AI in the Workplace},
  year      = {2025},
  url       = {https://pandatron.ai/overcoming-resistance-how-to-address-employee-fears-about-ai-in-the-workplace/},
  note      = {[Online; letzter Zugriff am 27.10.2025]},
  keywords  = {Mensch, Widerstand, Resistance, Psychologie}
}

@misc{Neurofied2025PsychologicalRoots,
  author    = {{Neurofied}},
  title     = {The Psychological Roots of AI Resistance: a historical perspective},
  year      = {2025},
  url       = {https://neurofied.com/the-psychological-roots-of-ai-resistance-a-historical-perspective/},
  note      = {[Online; letzter Zugriff am 27.10.2025]},
  keywords  = {Mensch, Widerstand, Resistance, Psychologie}
}

@article{ResearchGate2021UTAUTTools,
  title     = {(PDF) Adoption and use of AI tools: a research agenda grounded in UTAUT},
  journal   = {ResearchGate},
  year      = {2021},
  url       = {https://www.researchgate.net/publication/348617316_Adoption_and_use_of_AI_tools_a_research_agenda_grounded_in_UTAUT},
  note      = {[Online; letzter Zugriff am 27.10.2025]},
  keywords  = {UTAUT, Mensch}
}

@article{ResearchGate2025OvercomingResistanceChange,
  title     = {(PDF) Overcoming Resistance to AI-Driven Change},
  journal   = {ResearchGate},
  year      = {2025},
  url       = {https://www.researchgate.net/publication/389138626_Overcoming_Resistance_to_AI-Driven_Change},
  note      = {[Online; letzter Zugriff am 27.10.2025]},
  keywords  = {Mensch, Widerstand, Organisation, Change}
}

%%%%%%%%%%%%%%%%%%%%%%%%%%%%%%%%%%%%%%%%%%%%%%%%%%%%%%%%%%%%%%%%%%%%%%%
% 2. QUELLEN ZUR ORGANISATIONALEN DIMENSION (KOTTER, GOVERNANCE, ROI)
%%%%%%%%%%%%%%%%%%%%%%%%%%%%%%%%%%%%%%%%%%%%%%%%%%%%%%%%%%%%%%%%%%%%%%%

@article{SloanReview2025ScaleGenAI,
  title     = {How to Scale GenAI in the Workplace},
  journal   = {MIT Sloan Management Review},
  year      = {2025},
  url       = {https://sloanreview.mit.edu/article/how-to-scale-genai-in-the-workplace/},
  note      = {[Online; letzter Zugriff am 27.10.2025]},
  keywords  = {Organisation, Skalierung, Champions, SI}
}

@misc{Microsoft2025GetReady,
  author    = {{Microsoft}},
  title     = {Get Up and Running with Copilot | Microsoft 365},
  year      = {2025},
  url       = {https://www.microsoft.com/en-us/microsoft-365-copilot/ai-get-ready},
  note      = {[Online; letzter Zugriff am 27.10.2025]},
  keywords  = {Organisation, Adoption, Champions}
}

@misc{Microsoft2025LeadershipRole,
  author    = {{Microsoft}},
  title     = {Embracing a leadership role in the era of AI transformation},
  year      = {2025},
  url       = {https://www.microsoft.com/en-us/industry/microsoft-in-business/future-of-work/2025/03/26/embracing-a-leadership-role-in-the-era-of-ai-transformation/},
  note      = {[Online; letzter Zugriff am 27.10.2025]},
  keywords  = {Organisation, Change, Führung}
}

@misc{FirstAI2025Champions,
  author    = {{First AI Group}},
  title     = {Building Internal AI Champions: The Missing Link in Sustainable Transformation},
  year      = {2025},
  url       = {https://www.firstaigroup.com/ai-insights-case-studies/building-internal-ai-champions-the-missing-link-in-sustainable-transformation/},
  note      = {[Online; letzter Zugriff am 27.10.2025]},
  keywords  = {Organisation, Champions, SI}
}

@misc{Interreg2025ChangeManagementHospitals,
  author    = {{Interreg Baltic Sea Region}},
  title     = {The Importance of Change Management in Introducing AI-Based Diagnostics in Hospitals},
  year      = {2025},
  url       = {https://interreg-baltic.eu/project-posts/caidx/now-available-caidx-implementation-and-change-management-guide-caidx-icm-guide/},
  note      = {[Online; letzter Zugriff am 27.10.2025]},
  keywords  = {Organisation, Change}
}

@misc{Prosci2025KotterTheory,
  author    = {{Prosci}},
  title     = {Kotter's Change Management Theory Explanation and Applications},
  year      = {2025},
  url       = {https://www.prosci.com/blog/kotters-change-management-theory},
  note      = {[Online; letzter Zugriff am 27.10.2025]},
  keywords  = {Organisation, Change, Kotter}
}

@misc{Splunk2025Kotter8Steps,
  author    = {{Splunk}},
  title     = {Kotter's 8 Steps for Leading Change in Organizations},
  year      = {2025},
  url       = {https://www.splunk.com/en_us/blog/learn/kotter-8-steps-change.html},
  note      = {[Online; letzter Zugriff am 27.10.2025]},
  keywords  = {Organisation, Change, Kotter}
}

@misc{Apty2025Kotter8StepModel,
  author    = {{Apty}},
  title     = {Kotter's 8-Step Model – A Beginner's Guide to Change Management},
  year      = {2025},
  url       = {https://apty.ai/blog/kotters-8-step-model/},
  note      = {[Online; letzter Zugriff am 27.10.2025]},
  keywords  = {Organisation, Change, Kotter}
}

@misc{Codiste2025GenAIHandbook,
  author    = {{Codiste}},
  title     = {The Complete Generative AI Handbook for Business Leaders},
  year      = {2025},
  url       = {https://www.codiste.com/complete-generative-ai-handbook-business-leaders},
  note      = {[Online; letzter Zugriff am 27.10.2025]},
  keywords  = {Organisation, Change, Vision}
}

@misc{Writer2025AIROI,
  author    = {{Writer}},
  title     = {AI ROI calculator: From generative to agentic AI success in 2025},
  year      = {2025},
  url       = {https://writer.com/blog/roi-for-generative-ai/},
  note      = {[Online; letzter Zugriff am 27.10.2025]},
  keywords  = {Organisation, ROI, Messung}
}

@article{UPC2025AIProfessionalWorld,
  title     = {The artificial intelligence applied to the professional world},
  journal   = {UPCommons},
  year      = {2025},
  url       = {https://upcommons.upc.edu/bitstreams/2c3313a4-f2df-49ee-9fd6-28abfb6c3708/download},
  note      = {[Online; letzter Zugriff am 27.10.2025]},
  keywords  = {Organisation, Change, Vision}
}

@misc{Nice2025AIStrategies,
  author    = {{NiCE}},
  title     = {Spring forward: 5 AI-powered strategies for real growth},
  year      = {2025},
  url       = {https://www.nice.com/blog/spring-forward-5-ai-powered-strategies-for-real-growth},
  note      = {[Online; letzter Zugriff am 27.10.2025]},
  keywords  = {Organisation, ROI}
}

@misc{BuiltByRose2025CoE,
  author    = {{Built by Rose}},
  title     = {Creating an AI Center of Excellence in Professional-Services ...},
  year      = {2025},
  url       = {https://builtbyrose.co/creating-ai-center-of-excellence-professional-services-cio-playbook/},
  note      = {[Online; letzter Zugriff am 27.10.2025]},
  keywords  = {Organisation, Governance, CoE}
}

@misc{Dataiku2025CoEBestPractices,
  author    = {{Dataiku}},
  title     = {Best Practices for a Successful AI Center of Excellence},
  year      = {2025},
  url       = {https://blog.dataiku.com/best-practices-for-center-of-excellence},
  note      = {[Online; letzter Zugriff am 27.10.2025]},
  keywords  = {Organisation, Governance, CoE}
}

@misc{IBM2025CoE,
  author    = {{IBM}},
  title     = {What Is an AI Center of Excellence?},
  year      = {2025},
  url       = {https://www.ibm.com/think/topics/ai-center-of-excellence},
  note      = {[Online; letzter Zugriff am 27.10.2025]},
  keywords  = {Organisation, Governance, CoE}
}

@misc{AWS2025GenAIAdoption,
  author    = {{Amazon Web Services}},
  title     = {Best practices for enterprise generative AI adoption and scaling},
  year      = {2025},
  url       = {https://docs.aws.amazon.com/prescriptive-guidance/latest/strategy-enterprise-ready-gen-ai-platform/best-practices.html},
  note      = {[Online; letzter Zugriff am 27.10.2025]},
  keywords  = {Organisation, Governance, CoE}
}

@misc{MicrosoftLearn2025CoE,
  author    = {{Microsoft}},
  title     = {Establish an AI Center of Excellence - Cloud Adoption Framework},
  year      = {2025},
  url       = {https://learn.microsoft.com/en-us/azure/cloud-adoption-framework/scenarios/ai/center-of-excellence},
  note      = {[Online; letzter Zugriff am 27.10.2025]},
  keywords  = {Organisation, Governance, CoE}
}

@misc{EY2025CopilotTrust,
  author    = {{EY}},
  title     = {How Microsoft 365 Copilot builds customer trust with responsible AI},
  year      = {2025},
  url       = {https://www.ey.com/en_us/insights/consulting/how-microsoft-365-copilot-builds-customer-trust-with-responsible-ai},
  note      = {[Online; letzter Zugriff am 27.10.2025]},
  keywords  = {Organisation, Governance, ResponsibleAI}
}

@misc{Nemko2025RAIFramework,
  author    = {{Nemko}},
  title     = {Responsible AI Framework: Enterprise Guide to Compliance},
  year      = {2025},
  url       = {https://digital.nemko.com/insights/responsible-ai-framework-in-business},
  note      = {[Online; letzter Zugriff am 27.10.2025]},
  keywords  = {Organisation, Governance, ResponsibleAI}
}

@misc{Cognizant2025RAIPrinciples,
  author    = {{Cognizant}},
  title     = {Responsible AI Principles},
  year      = {2025},
  url       = {https://www.cognizant.com/us/en/about-cognizant/responsible-ai},
  note      = {[Online; letzter Zugriff am 27.10.2025]},
  keywords  = {Organisation, Governance, ResponsibleAI}
}

@misc{MicrosoftLearn2025AIStrategy,
  author    = {{Microsoft}},
  title     = {Create your AI strategy - Cloud Adoption Framework},
  year      = {2025},
  url       = {https://learn.microsoft.com/en-us/azure/cloud-adoption-framework/scenarios/ai/strategy},
  note      = {[Online; letzter Zugriff am 27.10.2025]},
  keywords  = {Organisation, Governance, ResponsibleAI}
}

@misc{GoogleAI2023RAIPrinciplesUpdate,
  author    = {{Google AI}},
  title     = {AI Principles Progress Update 2023},
  year      = {2023},
  url       = {https://ai.google/static/documents/ai-principles-2023-progress-update.pdf},
  note      = {[Online; letzter Zugriff am 27.10.2025]},
  keywords  = {Organisation, Governance, ResponsibleAI}
}

@misc{PaloAlto2025AIGovernance,
  author    = {{Palo Alto Networks}},
  title     = {What Is AI Governance?},
  year      = {2025},
  url       = {https://www.paloaltonetworks.com/cyberpedia/ai-governance},
  note      = {[Online; letzter Zugriff am 27.10.2025]},
  keywords  = {Organisation, Governance}
}

@misc{Medium2025ROIPlaybook,
  author    = {Arvind Mehrotra},
  title     = {How to Measure the ROI of Generative AI in an Enterprise: A Playbook},
  journal   = {Medium},
  year      = {2025},
  url       = {https://arvind-mehrotra.medium.com/how-to-measure-the-roi-of-generative-ai-in-an-enterprise-a-playbook-8e0f03fdd27e},
  note      = {[Online; letzter Zugriff am 27.10.2025]},
  keywords  = {Organisation, ROI, Messung}
}

@misc{Unframe2025ROIFrame,
  author    = {{Unframe AI}},
  title     = {Proving AI ROI: A Practical Framework for Enterprises},
  year      = {2025},
  url       = {https://www.unframe.ai/blog/proving-ai-roi-practical-framework-for-enterprises},
  note      = {[Online; letzter Zugriff am 27.10.2025]},
  keywords  = {Organisation, ROI, Messung}
}

@misc{Pymnts2025MeasureGenAIROI,
  author    = {{PYMNTS.com}},
  title     = {How Leading Enterprises Really Measure Gen AI ROI},
  year      = {2025},
  url       = {https://www.pymnts.com/artificial-intelligence-2/2025/how-leading-enterprises-really-measure-gen-ai-roi/},
  note      = {[Online; letzter Zugriff am 27.10.2025]},
  keywords  = {Organisation, ROI, Messung}
}

@misc{Softvil2025PilotRollout,
  author    = {{Softvil Technologies}},
  title     = {From Pilot to Enterprise-Wide Rollout: A Step-by-Step Adoption Strategy for Microsoft Copilot},
  year      = {2025},
  url       = {https://www.softvil.com/blog/from-pilot-to-enterprise-wide-rollout-a-step-by-step-adoption-strategy-for-microsoft-copilot},
  note      = {[Online; letzter Zugriff am 27.10.2025]},
  keywords  = {Organisation, Adoption, Pilot}
}

@misc{Worklytics2025ROIFramework,
  author    = {{Worklytics}},
  title     = {Calculating the ROI of Generative-AI Tools: A Practical Framework Leveraging Worklytics Metrics},
  year      = {2025},
  url       = {https://www.worklytics.co/resources/calculating-roi-generative-ai-tools-worklytics-framework},
  note      = {[Online; letzter Zugriff am 27.10.2025]},
  keywords  = {Organisation, ROI, Messung}
}

@misc{Nbold2025CopilotStudioAnalytics,
  author    = {{nBold}},
  title     = {Copilot Studio Analytics: Measure ROI, Time Savings, and Adoption in Microsoft 365},
  year      = {2025},
  url       = {https://nboldapp.com/copilot-studio-analytics-measure-roi-time-savings-and-adoption-in-microsoft-365/},
  note      = {[Online; letzter Zugriff am 27.10.2025]},
  keywords  = {Organisation, ROI, Messung, Technologie}
}

@misc{Worklytics2025CopilotDashboard,
  author    = {{Worklytics}},
  title     = {Measure AI Adoption & Impact with Copilot Dashboard},
  year      = {2025},
  url       = {https://www.worklytics.co/blog/measure-ai-adoption-impact-with-copilot-dashboard},
  note      = {[Online; letzter Zugriff am 27.10.2025]},
  keywords  = {Organisation, ROI, Messung, Technologie}
}

@misc{MicrosoftLearn2025CopilotImpactReport,
  author    = {{Microsoft}},
  title     = {Copilot Business Impact report - Microsoft Learn},
  year      = {2025},
  url       = {https://learn.microsoft.com/en-us/viva/insights/advanced/analyst/templates/copilot-business-impact},
  note      = {[Online; letzter Zugriff am 27.10.2025]},
  keywords  = {Organisation, ROI, Messung, Technologie}
}

%%%%%%%%%%%%%%%%%%%%%%%%%%%%%%%%%%%%%%%%%%%%%%%%%%%%%%%%%%%%%%%%%%%%%%%
% 3. QUELLEN ZUR TECHNOLOGISCHEN DIMENSION (TECH HYGIENE, PURVIEW)
%%%%%%%%%%%%%%%%%%%%%%%%%%%%%%%%%%%%%%%%%%%%%%%%%%%%%%%%%%%%%%%%%%%%%%%

@misc{MicrosoftLearn2025CopilotRequirements,
  author    = {{Microsoft}},
  title     = {App and network requirements for Microsoft 365 Copilot admins},
  year      = {2025},
  url       = {https://learn.microsoft.com/en-us/copilot/microsoft-365/microsoft-365-copilot-requirements},
  note      = {[Online; letzter Zugriff am 27.10.2025]},
  keywords  = {Technologie, Voraussetzungen}
}

@misc{CloudRevolution2025CopilotPrereqs,
  author    = {{Cloud Revolution}},
  title     = {Microsoft 365 Copilot Prerequisites: What You Need to Know},
  year      = {2025},
  url       = {https://www.cloudrevolution.com/copilot-prerequisites/},
  note      = {[Online; letzter Zugriff am 27.10.2025]},
  keywords  = {Technologie, Voraussetzungen}
}

@misc{MicrosoftLearn2025CopilotLicensing,
  author    = {{Microsoft}},
  title     = {License Options for Microsoft 365 Copilot},
  year      = {2025},
  url       = {https://learn.microsoft.com/en-us/copilot/microsoft-365/microsoft-365-copilot-licensing},
  note      = {[Online; letzter Zugriff am 27.10.2025]},
  keywords  = {Technologie, Voraussetzungen}
}

@misc{MicrosoftLearn2025CopilotSecurity,
  author    = {{Microsoft}},
  title     = {Security for Microsoft 365 Copilot},
  year      = {2025},
  url       = {https://learn.microsoft.com/en-us/copilot/microsoft-365/microsoft-365-copilot-ai-security},
  note      = {[Online; letzter Zugriff am 27.10.2025]},
  keywords  = {Technologie, TechHygiene, Sicherheit, Purview}
}

@misc{Sentra2025SecureRegulatedData,
  author    = {{Sentra}},
  title     = {How to Secure Regulated Data in Microsoft 365 Copilot},
  year      = {2025},
  url       = {https://www.sentra.io/blog/how-to-secure-regulated-data-in-microsoft-365-copilot},
  note      = {[Online; letzter Zugriff am 27.10.2025]},
  keywords  = {Technologie, TechHygiene, Sicherheit}
}

@misc{MicrosoftLearn2025PurviewGenAI,
  author    = {{Microsoft}},
  title     = {Microsoft Purview data security and compliance protections for generative AI apps},
  year      = {2025},
  url       = {https://learn.microsoft.com/en-us/purview/ai-microsoft-purview},
  note      = {[Online; letzter Zugriff am 27.10.2025]},
  keywords  = {Technologie, TechHygiene, Sicherheit, Purview}
}

@misc{MicrosoftLearn2025PurviewM365,
  author    = {{Microsoft}},
  title     = {Use Microsoft Purview to manage data security & compliance for ...},
  year      = {2025},
  url       = {https://learn.microsoft.com/en-us/purview/ai-m365-copilot},
  note      = {[Online; letzter Zugriff am 27.10.2025]},
  keywords  = {Technologie, TechHygiene, Sicherheit, Purview}
}

@misc{MicrosoftLearn2025PurviewStudio,
  author    = {{Microsoft}},
  title     = {Use Microsoft Purview to manage data security & compliance for Microsoft Copilot Studio},
  year      = {2025},
  url       = {https://learn.microsoft.com/en-us/purview/ai-copilot-studio},
  note      = {[Online; letzter Zugriff am 27.10.2025]},
  keywords  = {Technologie, TechHygiene, Sicherheit, Purview}
}

%%%%%%%%%%%%%%%%%%%%%%%%%%%%%%%%%%%%%%%%%%%%%%%%%%%%%%%%%%%%%%%%%%%%%%%
% 4. QUELLEN ZU TECHNISCHEN BARRIEREN (LATENZ, GENAUIGKEIT)
%%%%%%%%%%%%%%%%%%%%%%%%%%%%%%%%%%%%%%%%%%%%%%%%%%%%%%%%%%%%%%%%%%%%%%%

@misc{Buttondown2025VsCodeReport,
  author    = {{Weekly Project News}},
  title     = {Weekly GitHub Report for Vscode: October 06, 2025 - October 13 ...},
  year      = {2025},
  url       = {https://buttondown.com/weekly-project-news/archive/weekly-github-report-for-vscode-october-06-2025/},
  note      = {[Online; letzter Zugriff am 27.10.2025]},
  keywords  = {Technologie, Barrieren, Latenz}
}

@misc{Microsoft2025CapacityStory,
  author    = {{Microsoft}},
  title     = {Capacity pioneers next-gen enterprise search using Phi models from Microsoft},
  year      = {2025},
  url       = {https://www.microsoft.com/en/customers/story/24201-capacity-azure-phi},
  note      = {[Online; letzter Zugriff am 27.10.2025]},
  keywords  = {Technologie, Barrieren, Latenz}
}